@book{liu2015mining,
  title={Mining Opinions, Sentiments, and Emotions},
  author={Bing Liu},
  year={2015},
  publisher={Cambridge University Press},
  address={New York}
}
@misc{tweetEraser2024,
  author       = {TweetEraser},
  title        = {Analyse des sentiments sur Twitter},
  year         = {2024},
  url          = {https://www.tweeteraser.com/fr/resources/twitter-sentiment-analysis/},
  note         = {Consulté le : 2024-05-28 \ETC}
}
@article{duwairi2014sentiment,
  title={Sentiment Analysis in Arabic Tweets},
  author={Duwairi, Rasha and Marji, Reem},
  journal={Proceedings of the 5th International Conference on Information and Communication Systems},
  year={2014},
  pages={1-6},
  url={https://www.semanticscholar.org/paper/Sentiment-Analysis-in-Arabic-tweets-Duwairi-Marji/03396c508b0d8aa0439f7e068b833f0ec5828a76}
}
@misc{journaldunet2022nlp,
  author       = {Antoine Crochet-Damais},
  title        = {Natural Language Processing (NLP): définition et techniques},
  year         = {2022},
  url          = {https://www.journaldunet.fr/intelligence-artificielle/guide-de-l-intelligence-artificielle/1501887-natural-language-processing-nlp/},
  note         = {Consulté le: 2024-05-28 \ETC}
}

%%%%%%%%%%%%%%% TURNING TEXT WEKIPIDIA %%%%%%%%%%%%%%
@misc{wikipediaTuringTest,
  author       = {Wikipedia contributors},
  title        = {Test de Turing --- Wikipédia, l'encyclopédie libre},
  year         = {2024},
  url          = {https://fr.wikipedia.org/wiki/Test_de_Turing},
  note         = {Consulté le : 2024-05-28 \ETC}
}


%%%%%%%%%%%%%%%%%%%%%%%%%%%%%ù HISTOIRE PREMIER PROJET %%%%%%%%%%%%%%%ùù
@misc{frenchwebEliza,
  author       = {FrenchWeb},
  title        = {Connaissez-vous l'histoire de l'un des premiers projets d'intelligence artificielle: ELIZA},
  year         = {2024},
  url          = {https://www.frenchweb.fr/connaissez-vous-lhistoire-de-lun-des-premiers-projets-dintelligence-artificielle-eliza/439661},
  note         = {Consulté le: 2024-05-28}
}

%%%%%%%%%%%%%%%%%%%%%%%%%ùù INTERACTION OF AI %%%%%%%%%%%ù
@misc{mediumShrdlu,
  author       = {Staney Joseph},
  title        = {The Interaction of Artificial Intelligence: How Terry Winograd Designed the SHRDLU Program},
  year         = {2023},
  url          = {https://medium.com/@staneyjoseph.in/the-interaction-of-artificial-intelligence},
  note         = {Consulté le: 2024-05-28}
}
%%%%%%%%%%%%%%%%%%%ù NLP PROCESS IBM %%%%%%%%%%%%%%%%%%
@misc{ibmNLP,
  author       = {IBM},
  title        = {Qu'est-ce que le traitement automatique du langage naturel ?},
  year         = {2024},
  url          = {https://www.ibm.com/fr-fr/topics/natural-language-processing},
  note         = {Consulté le: 2024-05-28}
}
%%%%%%%%%%%%%%%%%%%%%%%%%%%%% Content Analysis %%%%%%%%%%%%%%%%%%
@article{crannell2016cancer,
  title     = {Cancer Survivorship Messages and Sentiment on Twitter: Content Analysis},
  author    = {Crannell, William C. and Clark, Emily and Jones, Caroline and James, Thomas A. and Moore, Jennifer},
  journal   = {JMIR Public Health and Surveillance},
  volume    = {2},
  number    = {2},
  pages     = {e125},
  year      = {2016},
  publisher = {JMIR Publications},
  doi       = {10.2196/publichealth.5781},
  url       = {https://publichealth.jmir.org/2016/2/e125}
} 
%%%%%%%%%%%%%%%%%%%%%%%%% COSTUMER REVIEWS %%%%%%%%%%%%%%%%%ù
@inproceedings{hu2004mining,
  title     = {Mining and Summarizing Customer Reviews},
  author    = {Minqing Hu and Bing Liu},
  booktitle = {Proceedings of the ACM SIGKDD International Conference on Knowledge Discovery \& Data Mining},
  year      = {2004},
  pages     = {168--177},
  publisher = {ACM}
}

%%%%%%%%%%%%%%%%%%%%%ù TWITTER AS A CORPUS %%%%%%%%%%%%ù
@inproceedings{pak2010twitter,
  title     = {Twitter as a Corpus for Sentiment Analysis and Opinion Mining},
  author    = {Alexander Pak and Patrick Paroubek},
  booktitle = {Proceedings of the International Conference on Language Resources and Evaluation},
  year      = {2010},
  url       = {http://www.lrec-conf.org/proceedings/lrec2010/pdf/385_Paper.pdf}
}

%%%%%%%%%%%%%%%%%%%%%%%%%%%%%%  CHATTER MATTERS 11   %%%%%%%%%%%%%%%%%%%
@article{rui2013whose,
  title     = {Whose and What Chatter Matters? The Effect of Tweets on Movie Sales},
  author    = {Huidong Rui and Yukun Liu and Andrew B. Whinston},
  journal   = {Decision Support Systems},
  volume    = {55},
  number    = {4},
  pages     = {863--870},
  year      = {2013},
  publisher = {Elsevier},
  doi       = {10.1016/j.dss.2013.01.001}
}

%%%%%%%%%%%%%%%%%%%%%%% BAD LANGUAGE ON THE INTERNET %%%%%%%%%%%% 
@inproceedings{eisenstein2013bad,
  title     = {What to do about bad language on the internet},
  author    = {Jacob Eisenstein},
  booktitle = {Proceedings of the 2013 Conference of the North American Chapter of the Association for Computational Linguistics: Human Language Technologies},
  editor    = {Lucy Vanderwende and Hal Daumé III and Katrin Kirchhoff},
  year      = {2013},
  month     = jun,
  pages     = {359--369},
  address   = {Atlanta, Georgia},
  publisher = {Association for Computational Linguistics},
  url       = {https://aclanthology.org/N13-1037}
}
%%%%%%%%%%%%%%%%%%%%%%%%%%%%%%%% 
@book{leskovec2014mining,
  title={Mining of Massive Datasets},
  author={Leskovec, Jure and Rajaraman, Anand and Ullman, Jeffrey D},
  year={2014},
  publisher={Cambridge University Press}
}
%%%%%%%%%%%%%%%%%%%%%% MOTS VIDES %%%%%%%%
@misc{5degresNLP,
  author       = {5 Degrés},
  title        = {Les Techniques de base du NLP},
  year         = {2023},
  url          = {https://www.5degres.com/article/les-techniques-de-base-du-nlp/},
  note         = {Consulté le : 2024-05-28 \ETC}
}
%%%%%%%%%%%%%%%%%%%%%%%%%%%%%%%%%ù
@misc{questionpro,
    author = {{QuestionPro}},
    title = {Collecte de données},
    year = {2023},
    url = {https://www.questionpro.com},
    note = {Consulté le: 23 mai 2024\ETC}
}

%%%%%%%%%%%%%%%%%%%%%%% Lemmatization et Stemming %%%%%%%%ù
@misc{botpenguinLemmatization,
  author       = {BotPenguin},
  title        = {Lemmatization: Definition, Techniques, and Applications},
  year         = {2024},
  url          = {https://botpenguin.com/glossary/lemmatization},
  note         = {Consilté le : 2024-05-28 \ETC}
}


%%%%%%%%%%%%%%%%%%%%%%%%% COUNT VECTORIZER%%%%%%%
@article{scikit-learn,
    author = {Pedregosa, F. and Varoquaux, G. and Gramfort, A. and Michel, V. and Thirion, B. and Grisel, O. and Blondel, M. and Prettenhofer, P. and Weiss, R. and Dubourg, V. and Vanderplas, J. and Passos, A. and Cournapeau, D. and Brucher, M. and Perrot, M. and Duchesnay, É.},
    title = {{Scikit-learn: Machine Learning in Python}},
    journal = {Journal of Machine Learning Research},
    volume = {12},
    year = {2011},
    pages = {2825--2830}
}

%%%%%%%%%%%%%%%%%%%%%%%%%%%%%%%%%%%%%%%%%%%%%%%%%%%%%%%ù
@misc{kaggle_wiki,
  title = {Kaggle},
  howpublished = {\url{https://fr.wikipedia.org/wiki/Kaggle}},
  note = {Consulté le 24 mai 2024 \ETC},
  year = {2024},
  author = {{Wikipedia}},
  organization = {{Wikimedia Foundation}},
}
@book{singh2019nlp,
  title     = {Natural Language Processing Recipes},
  author    = {Akshay Kulkarni and Adarsha Shivananda},
  year      = {2019},
  publisher = {Apress},
  note      = {Available at: \url{https://dl.ebooksworld.ir/motoman/Natural.Language.Processing.Recipes.www.EBooksWorld.ir.pdf}},
}
@misc{vilares2015lexicon,
  author       = {David Vilares and Miguel A. Alonso and Carlos Gómez-Rodríguez},
  title        = {Lexicon-Based Sentiment Analysis in the Social Web},
  year         = {2015},
  note         = {\url{https://www.researchgate.net/publication/283318830_Lexicon-Based_Sentiment_Analysis_in_the_Social_Web}},
}


@article{sebastiani2002text,
  author       = {Fabrizio Sebastiani},
  title        = {Text Classification Using Machine Learning Techniques},
  year         = {2002},
  journal      = {Norwell, MA, USA: Kluwer Academic Publishers},
  note         = {\url{https://www.researchgate.net/publication/228084521_Text_Classification_Using_Machine_Learning_Techniques}},
}
@article{lee2018convolutional,
  title={Convolutional neural networks: an overview and application in radiology},
  author={Lee, Jianguo and Yoon, Hyunsoo},
  journal={Insights into Imaging},
  volume={9},
  number={4},
  pages={611--629},
  year={2018},
  publisher={Springer}
}
@incollection{lopez2020convolutional,
  title={Chapter 10 - Convolutional neural networks},
  author={W. H. Lopez Pinaya and S. Vieira and R. Garcia-Dias and A. Mechelli},
  booktitle={Machine Learning},
  editor={A. Mechelli and S. Vieira},
  publisher={Academic Press},
  year={2020},
  pages={173--191}
}
@misc{wikiRNN,
  author = {Wikipedia contributors},
  title = {Recurrent Neural Network},
  year = {2023},
  howpublished = {\url{https://en.wikipedia.org/wiki/Recurrent_neural_network}},
  note = {Consulté le: 2024-05-25 \ETC}
}
@article{salehinejad2018recent,
  title={Recent Advances in Recurrent Neural Networks},
  author={Salehinejad, H. and Sankar, S. and Barfett, J. and Colak, E. and Valaee, S.},
  journal={arXiv preprint arXiv:1801.01078},
  year={2018},
  month={February},
  archivePrefix = {arXiv},
  primaryClass = {cs},
  url={http://arxiv.org/abs/1801.01078}
}
@misc{masdoum2023,
  author = {Flo Masdoum},
  title = {Prétraitement des données dans le NLP (Natural Language Processing)},
  year = {2023},
  howpublished = {\url{https://www.linkedin.com/pulse/pr%C3%A9traitement-des-donn%C3%A9es-dans-le-nlp-natural-language-flo-masdoum-bgnpe/}},
  note = {Consulté le : 25 mai 2024 \ETC}
}
@online{astera_blog,
    title = {Exploration de données: pourquoi c'est important et comment le faire},
    author = {AsterA},
    year = {année de consultation},
    url = {https://www.astera.com/fr/type/blog/data-exploration/},
    urldate = {date de consultation}
}
@online{data_bird_blog,
    title = {Data Cleaning: Méthodes et Techniques},
    author = {Data Bird},
    year = {2024},
    url = {https://www.data-bird.co/blog/data-cleaning-methodes},
    urldate = {Consulté le: 27-05-2024 \ETC}
}


@online{coddity_nlp_blog,
    title = {Natural Language Processing},
    author = {Coddity},
    year = {2024},
    url = {https://blog.coddity.com/articles/natural-language-processing/},
    urldate = { Consulté le: 27-05-2024}
}

%%%%%%%%%%%%%%% LONG SHORT TERMS MEMORY %%%%%%%%%%ùù
@article{hochreiter1997,
  author    = {S. Hochreiter and J. Schmidhuber},
  title     = {Long Short-term Memory},
  journal   = {Neural Computation},
  volume    = {9},
  number    = {8},
  pages     = {1735--1780},
  year      = {1997},
  month     = {Dec},
  doi       = {10.1162/neco.1997.9.8.1735}
}

%%%%%%%%%%%%%%%%%%%%%%%% LSTM 99 %%%%%%%%%%%%
@incollection{graves2012,
  author    = {A. Graves},
  title     = {Long Short-Term Memory},
  booktitle = {Supervised Sequence Labelling with Recurrent Neural Networks},
  editor    = {A. Graves},
  pages     = {37--45},
  year      = {2012},
  publisher = {Springer},
  address   = {Berlin, Heidelberg}
}
%%%%%%%%%%%%%%%%%%%%%%%%% LSTM SOURCE %%%%%%%%%%%

@misc{liberiangeek2024,
  author       = {Liberian Geek},
  title        = {Design LSTM Network Using PyTorch},
  year         = {2024},
  month        = {January},
  url          = {https://www.liberiangeek.net/2024/01/design-lstm-network-using-pytorch/},
  note         = {Accessed: 2024-05-29}
}
%%%%%%%%%%%%%%%%%ù RNN SOURCE %%%%%%%%%%%%%%%ù

@misc{choudhry2024,
  author       = {Ada Choudhry},
  title        = {Getting Started with AI: Building an RNN from Scratch and Practicing Resilience},
  year         = {2024},
  month        = {January},
  url          = {https://medium.com/@adachoudhry26/getting-started-with-ai-building-an-rnn-from-scratch-and-practicing-resilience},
  note         = {Consulté le: 2024-05-29}
}
%%%%%%%%%%%%%%%%%%%%%%%%%%%%ù ADABOOST %%%%%%%%%%
@misc{aws2024,
  author       = {{Amazon Web Services}},
  title        = {Qu'est-ce que le Boosting?},
  year         = {2024},
  month        = {January},
  url          = {https://aws.amazon.com/fr/what-is/boosting/},
  note         = {Consulté le: 2024-05-29}
}

%%%%%%%%%%%%%%%%%%%%%ù ADABOOST FR %%%%%%%%%%%%%%
@misc{fineproxy2024,
  author       = {{Fineproxy}},
  title        = {Qu'est-ce qu'Adaboost?},
  year         = {2024},
  month        = {May},
  url          = {https://fineproxy.org/fr/wiki/adaboost/},
  note         = {Consulté le: 2024-05-29}
}
%%%%%%%%%%%%%%%%%%ù ADA FIIIG %%%%%%%%%%%%%%%%%ù
@misc{researchgate2024,
  author       = {{ResearchGate}},
  title        = {Illustration of AdaBoost algorithm for creating a strong classifier based on multiple weak classifiers},
  year         = {2024},
  url          = {https://www.researchgate.net/figure/Illustration-of-AdaBoost-algorithm-for-creating-a-strong-classifier-based-on-multiple_fig9_288699540},
  note         = {Consulté le : 2024-05-29}
}
%%%%%%%%%%%%%%%%%%%%%%%%%%%%%%%%%% RNN 
@article{salehinejad2018,
  author       = {H. Salehinejad and S. Sankar and J. Barfett and E. Colak and S. Valaee},
  title        = {Recent Advances in Recurrent Neural Networks},
  journal      = {arXiv preprint arXiv:1801.01078},
  year         = {2018},
  month        = {February},
  url          = {http://arxiv.org/abs/1801.01078},
  note         = {Consulté le: 2024-05-29}
}
%%%%%%%%%%%%%%%%%%%%%%%%%% NB THEOREM 
@inproceedings{zhang2011novel,
  author    = {Y. Zhang and Y. Ji and S. Yu},
  title     = {A novel naive bayes model: Packaged hidden naive bayes},
  booktitle = {6th IEEE Joint International Information Technology and Artificial Intelligence Conference},
  year      = {2011},
  pages     = {484--487}
}

%%%%%%%%%%%%%%%%%%%%%%%% NB
@online{konfuzio,
  author    = {Konfuzio},
  title     = {Naive Bayes},
  url       = {https://konfuzio.com/fr/naive-bayes/#was-ist-naive-bayes},
  year      = {Sans date}
  urldate = {Consulté le : 30-05-24}
}
%%%%%%%%%%%%%%%%%%%%%%%%%%% SVM
@online{IBM_SVM,
    author = {{IBM}},
    title = {Support Vector Machine},
    year = {N/A},
    url = {https://www.ibm.com/topics/support-vector-machine},
    urldate = {30-05-24}
}

%%%%%%%%%%%ù Présentation du sujet 
@online{Schneider2016,
    author = {Christie Schneider},
    title = {The biggest data challenges that you might not even know you have},
    year = {2016},
    month = {May},
    url = {https://www.ibm.com/blogs/watson/2016/05/biggest-data-challengesmight-not-even-know/},
    note = { Consulté le:  06-April-2020}
}

%%%%%%%%%%% @online{Liu2018,
    author = {Shanhong Liu},
    title = {Revenues from the natural language processing (NLP) market worldwide from 2017 to 2025},
    year = {2018},
    month = {Dec},
    url = {https://www.statista.com/statistics/607891/worldwide-natural-language-processing-market-revenues/},
    note = {Consulté le:  13-April-2020}
}
@inproceedings{Balaji2017,
    author = {P. Balaji and O. Nagaraju and D. Haritha},
    title = {Levels of sentiment analysis and its challenges: A literature review},
    title = {2017 International Conference on Big Data Analytics and Computational Intelligence (ICBDAC)},
    year = {2017},
    month = {Mar},
    pages = {436--439}
}

%%%%%%%%%%%%%ù CROSS V 
@misc{towardsdatascience_cross_validation,
    author = {Unknown},
    title = {Cross-Validation: K-Fold vs. Monte Carlo},
    year = {n.d.},
    url = {https://towardsdatascience.com/cross-validation-k-fold-vs-monte-carlo-e54df2fc179b},
    note = {Consulté le: 2024-06-02}
}
@online{shandeep92,
  title = {CountVectorizer vs TfidfVectorizer},
  author = {Shandeep},
  year = {2019},
  url = {https://medium.com/@shandeep92/countvectorizer-vs-tfidfvectorizer-cf62d0a54fa4},
  urldate = {2024-06-02},
}

@online{kant_tokenization,
  author = {Kant, Utkarsh},
  title = {Tokenization: A Complete Guide},
  year = {2022},
  url = {https://medium.com/@utkarsh.kant/tokenization-a-complete-guide-3f2dd56c0682},
  urldate = { Consulté le: 01-02-2924},
}
%%%%%%%%%%%%%%%%%%%ù GANTT %%%%%%%%%%%%%%%%%%
@misc{gantt,
  author       = {Gantt.com},
  title        = {Qu'est-ce qu'un diagramme de Gantt ?},
  year         = {2024},
  url          = {https://www.gantt.com/fr/},
  note         = {Consulté le 4 juin 2024}
}

@online{technoaretepublication,
  author = {S.Venkata Lakshmi 1*
, N.Geetha 2
},
  title = {Sentiment Analysis Web App Using NLP
},
  year = {2023
},
  url = {https://technoaretepublication.org/computer-applications/article/Sentiment-Analysis.pdf}
}

